<record xmlns="http://www.loc.gov/MARC21/slim" xmlns:xsi="http://www.w3.org/2001/XMLSchema-instance" xsi:schemaLocation="http://www.loc.gov/MARC21/slim http://www.loc.gov/standards/marcxml/schema/MARC21slim.xsd"><leader>00037nz   2200037n  4500</leader><controlfield tag="001">DNB|118939467</controlfield><controlfield tag="003">DNB</controlfield><controlfield tag="005">20110728095505.0</controlfield><controlfield tag="008">901114n||azznnabbn           | aaa    |c</controlfield><datafield ind1=" " ind2=" " tag="035"><subfield code="a">(DNB)118939467</subfield></datafield><datafield ind1=" " ind2=" " tag="035"><subfield code="a">(DE-101)118939467</subfield></datafield><datafield ind1=" " ind2=" " tag="035"><subfield code="a">(DE-588a)118939467</subfield></datafield><datafield ind1=" " ind2=" " tag="035"><subfield code="a">(DE-588c)4244226-6</subfield></datafield><datafield ind1=" " ind2=" " tag="040"><subfield code="a">DE-12</subfield><subfield code="b">ger</subfield><subfield code="c">DE-101</subfield><subfield code="e">rakwb</subfield><subfield code="d">1250</subfield></datafield><datafield ind1=" " ind2=" " tag="043"><subfield code="c">XT</subfield></datafield><datafield ind1=" " ind2="7" tag="049"><subfield code="a">lat</subfield><subfield code="2">iso639-2</subfield></datafield><datafield ind1=" " ind2=" " tag="065"><subfield code="a">12.2p</subfield><subfield code="2">sswd</subfield></datafield><datafield ind1=" " ind2=" " tag="079"><subfield code="a">p</subfield><subfield code="q">s</subfield><subfield code="q">f</subfield><subfield code="q">p</subfield><subfield code="t">12-PAN</subfield></datafield><datafield ind1="0" ind2=" " tag="100"><subfield code="a">Tiberianus</subfield><subfield code="d">fl.4.Jh.</subfield></datafield><datafield ind1="1" ind2=" " tag="400"><subfield code="a">Tiberianus, Gaius Annius</subfield><subfield code="d">fl.4.Jh.</subfield></datafield><datafield ind1="1" ind2=" " tag="400"><subfield code="a">Annius Tiberianus, Gaius</subfield><subfield code="d">fl.4.Jh.</subfield></datafield><datafield ind1="0" ind2=" " tag="400"><subfield code="a">Tiberianus</subfield><subfield code="c">Poeta</subfield><subfield code="d">fl.4.Jh.</subfield></datafield><datafield ind1="0" ind2=" " tag="400"><subfield code="a">Tiberiano</subfield><subfield code="d">fl.4.Jh.</subfield></datafield><datafield ind1="0" ind2=" " tag="400"><subfield code="a">Tiberian</subfield><subfield code="d">fl.4.Jh.</subfield></datafield><datafield ind1="0" ind2=" " tag="400"><subfield code="a">Tiberianus</subfield><subfield code="c">Writer of Poems</subfield><subfield code="d">fl.4.Jh.</subfield></datafield><datafield ind1="0" ind2=" " tag="400"><subfield code="a">Tiberianus</subfield><subfield code="c">Dichter</subfield><subfield code="d">fl.4.Jh.</subfield></datafield><datafield ind1="0" ind2=" " tag="400"><subfield code="a">Annius</subfield><subfield code="c">Tiberianus</subfield><subfield code="d">fl.4.Jh.</subfield></datafield><datafield ind1=" " ind2=" " tag="549"><subfield code="w">i</subfield><subfield code="i">Zeit</subfield><subfield code="a">4.Jh.</subfield></datafield><datafield ind1=" " ind2=" " tag="549"><subfield code="w">i</subfield><subfield code="i">UDK-Zeitcode</subfield><subfield code="a">03</subfield></datafield><datafield ind1=" " ind2=" " tag="667"><subfield code="a">TITAN</subfield></datafield><datafield ind1=" " ind2=" " tag="670"><subfield code="a">Lex. alte Welt; PAN</subfield></datafield><datafield ind1=" " ind2=" " tag="678"><subfield code="a">Identität mit Tiberianus, Gaius Annius umstritten; Platonisierender Autor</subfield></datafield><datafield ind1=" " ind2=" " tag="996"><subfield code="2">SUDOC|074517120</subfield></datafield><datafield ind1=" " ind2=" " tag="996"><subfield code="2">RERO|vtls000162213</subfield></datafield><datafield ind1=" " ind2=" " tag="996"><subfield code="2">LC|n 2011015993</subfield></datafield><datafield ind1=" " ind2=" " tag="997"><subfield code="a">300 0 flourished 0 0</subfield><subfield code="9">1</subfield></datafield></record>